<?xml version="1.0" encoding="UTF-8"?><collection xmlns="http://www.loc.gov/MARC21/slim"><record><leader>00473nam--2200133-i-4500</leader><controlfield tag="001">000036739</controlfield><controlfield tag="002">20161230</controlfield><controlfield tag="005">20161230201041</controlfield><controlfield tag="008">060222s1000------------r-----000-0-eng-d</controlfield><datafield ind1=" " ind2=" " tag="080"><subfield code="a">621.039.54</subfield></datafield><datafield ind1=" " ind2=" " tag="245"><subfield code="a">The plutonium-oxigen and uranium-plutonium oxygen systems: a thermochemical assessment. report of a panel on thermodynamics of plutonium oxides held in vienna, 24-28 oct.1966</subfield></datafield><datafield ind1=" " ind2=" " tag="260"><subfield code="a">Vienna, I.A.E.A., 1967, 86p</subfield></datafield><datafield ind1=" " ind2=" " tag="490"><subfield code="a">Technical Reports Series</subfield></datafield><datafield ind1=" " ind2=" " tag="852"><subfield code="a">1875</subfield></datafield></record></collection>